<record><leader>00000cas a2200000 a 4500</leader><controlfield tag="001">15871668</controlfield><controlfield tag="008">870609d18891913iludn ne      0   a0eng c</controlfield><datafield ind1=" " ind2=" " tag="010"><subfield code="a">sn 87082768 </subfield></datafield><datafield ind1=" " ind2=" " tag="040"><subfield code="a">NPV</subfield><subfield code="b">eng</subfield><subfield code="c">NPV</subfield><subfield code="d">NVF</subfield><subfield code="d">OCLCQ</subfield><subfield code="d">OCLCF</subfield><subfield code="d">NVF</subfield><subfield code="d">OCLCO</subfield></datafield><datafield ind1="1" ind2=" " tag="029"><subfield code="a">AU@</subfield><subfield code="b">000020473547</subfield></datafield><datafield ind1=" " ind2=" " tag="042"><subfield code="a">pcc</subfield></datafield><datafield ind1=" " ind2=" " tag="043"><subfield code="a">n-us-il</subfield></datafield><datafield ind1="0" ind2=" " tag="130"><subfield code="a">Lincoln daily courier (Lincoln, Ill. : 1889)</subfield></datafield><datafield ind1="1" ind2="0" tag="245"><subfield code="a">Lincoln daily courier.</subfield></datafield><datafield ind1="1" ind2=" " tag="246"><subfield code="i">Published as:</subfield><subfield code="a">Lincoln courier</subfield><subfield code="f">Feb. 10, 1902-Feb. 8, 1904</subfield></datafield><datafield ind1="1" ind2="7" tag="246"><subfield code="a">Lincoln morning courier</subfield><subfield code="f">Oct. 7, 1912-1913</subfield></datafield><datafield ind1=" " ind2=" " tag="260"><subfield code="a">Lincoln, Ill. :</subfield><subfield code="b">Courier Print. Co.,</subfield><subfield code="c">1889-1913.</subfield></datafield><datafield ind1=" " ind2=" " tag="300"><subfield code="a">v.</subfield></datafield><datafield ind1=" " ind2=" " tag="310"><subfield code="a">Daily (except Sunday)</subfield></datafield><datafield ind1="0" ind2=" " tag="362"><subfield code="a">Vol. 1, no. 1 (Oct. 5, 1889)-v. 23 (Mar. 8, 1913).</subfield></datafield><datafield ind1=" " ind2=" " tag="580"><subfield code="a">Semiweekly eds.: Lincoln weekly courier, 1890-1901, and: Lincoln semi-weekly courier, 1901-1902, and: Lincoln courier (Lincoln, Ill. : 1902), 1902.</subfield></datafield><datafield ind1=" " ind2=" " tag="580"><subfield code="a">Weekly eds.: Lincoln times-courier, 1902-1912, and: Lincoln times-herald, 1912-1913.</subfield></datafield><datafield ind1=" " ind2="0" tag="651"><subfield code="a">Lincoln (Ill.)</subfield><subfield code="v">Newspapers.</subfield></datafield><datafield ind1=" " ind2="7" tag="651"><subfield code="a">Illinois</subfield><subfield code="z">Lincoln.</subfield><subfield code="2">fast</subfield><subfield code="0">(OCoLC)fst01225922</subfield></datafield><datafield ind1=" " ind2="7" tag="655"><subfield code="a">Newspapers.</subfield><subfield code="2">fast</subfield><subfield code="0">(OCoLC)fst01423814</subfield></datafield><datafield ind1=" " ind2=" " tag="752"><subfield code="a">United States</subfield><subfield code="b">Illinois</subfield><subfield code="c">Logan</subfield><subfield code="d">Lincoln.</subfield></datafield><datafield ind1="1" ind2=" " tag="775"><subfield code="t">Lincoln weekly courier</subfield><subfield code="w">(DLC)sn 93055876</subfield><subfield code="w">(OCoLC)28094512</subfield></datafield><datafield ind1="1" ind2=" " tag="775"><subfield code="t">Lincoln semi-weekly courier</subfield><subfield code="w">(DLC)sn 93055877</subfield><subfield code="w">(OCoLC)28094564</subfield></datafield><datafield ind1="1" ind2=" " tag="775"><subfield code="t">Lincoln courier (Lincoln, Ill. : 1902)</subfield><subfield code="w">(DLC)sn 93055878</subfield><subfield code="w">(OCoLC)28094630</subfield></datafield><datafield ind1="1" ind2=" " tag="775"><subfield code="t">Lincoln times-courier</subfield><subfield code="w">(DLC)sn 93055881</subfield><subfield code="w">(OCoLC)28094803</subfield></datafield><datafield ind1="1" ind2=" " tag="775"><subfield code="t">Lincoln times-herald</subfield><subfield code="w">(DLC)sn 93055882</subfield><subfield code="w">(OCoLC)28094857</subfield></datafield><datafield ind1="0" ind2="0" tag="785"><subfield code="t">Lincoln morning courier</subfield><subfield code="w">(DLC)sn 93055885</subfield><subfield code="w">(OCoLC)28095994</subfield></datafield></record>